@article{lee1987synchronous,
  title={Synchronous data flow},
  author={Lee, Edward A and Messerschmitt, David G},
  journal={Proceedings of the IEEE},
  volume={75},
  number={9},
  pages={1235--1245},
  year={1987},
  publisher={IEEE}
}

@inproceedings{manolakis2003detection,
  title={Detection algorithms for hyperspectral imaging applications: a signal processing perspective},
  author={Manolakis, Dimitris},
  booktitle={IEEE Workshop on Advances in Techniques for Analysis of Remotely Sensed Data, 2003},
  pages={378--384},
  year={2003},
  organization={IEEE}
}
@article{manolakis2002detection,
  title={Detection algorithms for hyperspectral imaging applications},
  author={Manolakis, Dimitris and Shaw, Gary},
  journal={IEEE signal processing magazine},
  volume={19},
  number={1},
  pages={29--43},
  year={2002},
  publisher={IEEE}
}

@article{thomas2002randomized,
  title={Randomized trial of breast self-examination in Shanghai: final results},
  author={Thomas, David B and Gao, Dao Li and Ray, Roberta M and Wang, Wen Wan and Allison, Charlene J and Chen, Fan Liang and Porter, Peggy and Hu, Yong Wei and Zhao, Guan Lin and Pan, Lei Da and others},
  journal={Journal of the national Cancer Institute},
  volume={94},
  number={19},
  pages={1445--1457},
  year={2002},
  publisher={Oxford University Press}
}

@article{kushi2012american,
  title={American Cancer Society Guidelines on nutrition and physical activity for cancer prevention: reducing the risk of cancer with healthy food choices and physical activity},
  author={Kushi, Lawrence H and Doyle, Colleen and McCullough, Marji and Rock, Cheryl L and Demark-Wahnefried, Wendy and Bandera, Elisa V and Gapstur, Susan and Patel, Alpa V and Andrews, Kimberly and Gansler, Ted and others},
  journal={CA: a cancer journal for clinicians},
  volume={62},
  number={1},
  pages={30--67},
  year={2012},
  publisher={Wiley Online Library}
}


@article{khouj2018hyperspectral,
  title={Hyperspectral imaging and K-means classification for histologic evaluation of ductal carcinoma in situ},
  author={Khouj, Yasser and Dawson, Jeremy and Coad, James and Vona-Davis, Linda},
  journal={Frontiers in oncology},
  volume={8},
  pages={17},
  year={2018},
  publisher={Frontiers}
}

@inproceedings{fabelo2016novel,
  title={A Novel Use of Hyperspectral Images for Human Brain Cancer Detection using in-Vivo Samples.},
  author={Fabelo, Himar and Ortega, Samuel and Guerra, Ra{\`u}l and Callic{\'o}, Gustavo Marrero and Szolna, Adam and Pi{\~n}eiro, Juan F and Tejedor, Miguel and L{\'o}pez, Sebasti{\'a}n and Sarmiento, Roberto},
  booktitle={BIOSIGNALS},
  pages={311--320},
  year={2016}
}

@inproceedings{pelcat2014preesm,
  title={Preesm: A dataflow-based rapid prototyping framework for simplifying multicore dsp programming},
  author={Pelcat, Maxime and Desnos, Karol and Heulot, Julien and Guy, Cl{\'e}ment and Nezan, Jean-Fran{\c{c}}ois and Aridhi, Slaheddine},
  booktitle={2014 6th European embedded design in education and research conference (EDERC)},
  pages={36--40},
  year={2014},
  organization={IEEE}
}

@inproceedings{piat2010loop,
  title={Loop transformations for interface-based hierarchies IN SDF graphs},
  author={Piat, Jonathan and Bhattacharyya, Shuvra S and Raulet, Michael},
  booktitle={ASAP 2010-21st IEEE International Conference on Application-specific Systems, Architectures and Processors},
  pages={341--344},
  year={2010},
  organization={IEEE}
}

@article{mohri2012foundations,
  title={Foundations of Machine Learning. Adaptive computation and machine learning},
  author={Mohri, Mehryar and Rostamizadeh, Afshin and Talwalkar, Ameet},
  journal={MIT Press},
  volume={31},
  pages={32},
  year={2012}
}

@inproceedings{desnos2013pimm,
  title={Pimm: Parameterized and interfaced dataflow meta-model for mpsocs runtime reconfiguration},
  author={Desnos, Karol and Pelcat, Maxime and Nezan, Jean-Fran{\c{c}}ois and Bhattacharyya, Shuvra S and Aridhi, Slaheddine},
  booktitle={2013 International Conference on Embedded Computer Systems: Architectures, Modeling, and Simulation (SAMOS)},
  pages={41--48},
  year={2013},
  organization={IEEE}
}

@article{bhattacharya2001parameterized,
  title={Parameterized dataflow modeling for DSP systems},
  author={Bhattacharya, Bishnupriya and Bhattacharyya, Shuvra S},
  journal={IEEE Transactions on Signal Processing},
  volume={49},
  number={10},
  pages={2408--2421},
  year={2001},
  publisher={IEEE}
}

@misc{ASH:2019:Online,
author = {Yann Mulonda},
title = {What is Machine Learning? “In Simple English”},
year = {2018},
howpublished = {url{https://medium.com/@yannmjl/what-is-machine-learning-in-simple-english-b0aaa251cb60}},
note = {Access  03-10-2019}
}

@misc{PREESM:2019:Online,
author = {Several authors},
title = {Parallelize an Application on a Multicore CPU},
year = {2016},
howpublished = {url{https://preesm.github.io/tutos/parasobel/}},
note = {Access  03-10-2019}
}

@article{torti2018parallel,
  title={Parallel K-means clustering for brain cancer detection using hyperspectral images},
  author={Torti, Emanuele and Florimbi, Giordana and Castelli, Francesca and Ortega, Samuel and Fabelo, Himar and Callic{\'o}, Gustavo and Marrero-Martin, Margarita and Leporati, Francesco},
  journal={Electronics},
  volume={7},
  number={11},
  pages={283},
  year={2018},
  publisher={Multidisciplinary Digital Publishing Institute}
}

@article{fabelo2018spatio,
  title={Spatio-spectral classification of hyperspectral images for brain cancer detection during surgical operations},
  author={Fabelo, Himar and Ortega, Samuel and Ravi, Daniele and Kiran, B Ravi and Sosa, Coralia and Bulters, Diederik and Callic{\'o}, Gustavo M and Bulstrode, Harry and Szolna, Adam and Pi{\~n}eiro, Juan F and others},
  journal={PloS one},
  volume={13},
  number={3},
  pages={e0193721},
  year={2018},
  publisher={Public Library of Science}
}
